% This file was created with JabRef 2.6.
% Encoding: ISO8859_1


@BOOK{Sebesta:2005,
  title = {Concepts of Programming Languages},
  editor = {Addison-Wesley Longman Publishing Co., Inc.},
  publisher = {Addison-Wesley Longman Publishing Co., Inc.},
  year = {2005},
  author = {Robert W. Sebesta},
  address = {Boston, MA, USA},
  edition = {7th},
  isbn = {0321330250}
}


@MISC{Sun:2010,
  author = {Sun},
  title = {Getting Started With JavaSpaces Technology},
  howpublished = {http://java.sun.com/developer/technicalArticles/tools/JavaSpaces},
  year = {2010},
  note = {Acessado em Março/2011}
}


@ARTICLE{Weiser:1991,
  author = {Mark Weiser},
  title = {The Computer for the 21st Century},
  journal = {Scientific American},
  year = {1991},
  volume = {265},
  pages = {94--104},
  number = {3},
  month = {September},
  biburl = {http://www.bibsonomy.org/bibtex/260729bd9cec962e74587a67420e357a4/kdubiq},
  comment = {Classic statement of the ubiquitous-computing vision.},
  description = {KDubiq Blueprint},
  interhash = {1f3b38d575eaa98c6879730585a819b1},
  intrahash = {60729bd9cec962e74587a67420e357a4},
  keyword = {mobile computing, wireless network, ubiquitous computing},
  keywords = {imported},
  url = {http://www.ubiq.com/hypertext/weiser/SciAmDraft3.html}
}

@ARTICLE{Alex:2010,
  author = {Alex Wright},
  title = {Type theory comes of age},
  journal = {Communications of the ACM},
  year = {2010},
  volume = {53},
  pages = {16--17},
  number = {2},
  address = {New York, NY, USA},
  issn = {0001-0782},
  publisher = {ACM}
}

@BOOK{Pierce:2002,
  title = {Types and Programming Languages},
  publisher = {MIT Press},
  year = {2002},
  editor = {MIT Press},
  author = {Benjamin C. Pierce},
  bcp = {Yes},
  errata = {http://www.cis.upenn.edu/~bcpierce/tapl/errata.txt},
  homepage = {http://www.cis.upenn.edu/~bcpierce/tapl},
  keys = {books},
  plclub = {Yes}
}

@PHDTHESIS{norell:thesis,
  author = {Ulf Norell},
  title = {Towards a practical programming language based on dependent type
	theory},
  school = {Department of Computer Science and Engineering, Chalmers University
	of Technology},
  year = {2007},
  address = {SE-412 96 G{\"o}teborg, Sweden},
  month = {September}
}

